@ARTICLE{Lobos2013a,
  author = {C. Lobos},
  title = {A Set of Mixed-Elements Patterns for Domain Boundary Approximation in Hexahedral Meshes},
  journal = {Studies in health technology and informatics},
  volume = {184},
  year = {2013},
  pages = {268--272},
  doi = {10.3233/978-1-61499-209-7-268},
  note = {Proceedings of MMVR20},
  timestamp = {2013.02.26}
}

@incollection{Marechal2009,
  year={2009},
  isbn={978-3-642-04318-5},
  booktitle={Proceedings of the 18th International Meshing Roundtable},
  editor={Clark, BrettW.},
  doi={10.1007/978-3-642-04319-2_5},
  title={Advances in Octree-Based All-Hexahedral Mesh Generation: Handling Sharp Features},
  url={http://dx.doi.org/10.1007/978-3-642-04319-2_5},
  publisher={Springer Berlin Heidelberg},
  keywords={octree; meshing; hexahedra; adaptation},
  author={Maréchal, Loïc},
  pages={65-84},
  language={English}
}

@inproceedings{Kobbelt2001,
 author = {Kobbelt, Leif P. and Botsch, Mario and Schwanecke, Ulrich and Seidel, Hans-Peter},
 title = {Feature Sensitive Surface Extraction from Volume Data},
 booktitle = {Proceedings of the 28th Annual Conference on Computer Graphics and Interactive Techniques},
 series = {SIGGRAPH '01},
 year = {2001},
 isbn = {1-58113-374-X},
 pages = {57--66},
 numpages = {10},
 url = {http://doi.acm.org/10.1145/383259.383265},
 doi = {10.1145/383259.383265},
 acmid = {383265},
 publisher = {ACM},
 address = {New York, NY, USA},
} 

@TECHREPORT{Gonzalez2014,
  author = {Eugenio Gonz\'alez and Claudio Lobos},
  title = {A set of mixed-element transition patterns for adaptive 3d meshing},
  number = {2014/01},
  institution = {Departamento de Inform\'atica, UTFSM},
  keywords = {},
  note = {},
  month = {October},
  year = {2014},
  pages = {1--194},
  url = {http://www.inf.utfsm.cl/~clobos/tecRep_transitionPatterns.pdf},
  contact = {clobos@inf.utfsm.cl}
}

